<record><leader>00000cas a22000007a 4500</leader><controlfield tag="001">11115267</controlfield><controlfield tag="008">840904d19261984nhudn ne      0   a0eng  </controlfield><datafield ind1=" " ind2=" " tag="010"><subfield code="a">sn 84020548 </subfield></datafield><datafield ind1=" " ind2=" " tag="040"><subfield code="a">DLC</subfield><subfield code="b">eng</subfield><subfield code="c">DLC</subfield><subfield code="d">NSD</subfield><subfield code="d">NVH</subfield><subfield code="d">OCLCQ</subfield></datafield><datafield ind1=" " ind2=" " tag="042"><subfield code="a">msc</subfield></datafield><datafield ind1="0" ind2="0" tag="050"><subfield code="a">Newspaper 8701-X</subfield></datafield><datafield ind1="0" ind2="4" tag="245"><subfield code="a">The Laconia evening citizen.</subfield></datafield><datafield ind1=" " ind2=" " tag="260"><subfield code="a">Laconia, N.H. :</subfield><subfield code="b">E.J. Gallagher</subfield></datafield><datafield ind1=" " ind2=" " tag="300"><subfield code="a">v.</subfield></datafield><datafield ind1=" " ind2=" " tag="310"><subfield code="a">Daily (except Sun.)</subfield></datafield><datafield ind1="1" ind2=" " tag="362"><subfield code="a">Vol. 1, no. 1 (Jan. 4, 1926)-v. 58, no. 20 (Jan. 25, 1984).</subfield></datafield><datafield ind1=" " ind2=" " tag="580"><subfield code="a">Weekly ed.: Laconia Democrat (Laconia, N.H. : 1878), 1933-1941.</subfield></datafield><datafield ind1=" " ind2=" " tag="752"><subfield code="a">United States</subfield><subfield code="b">New Hampshire</subfield><subfield code="c">Belknap</subfield><subfield code="d">Laconia.</subfield></datafield><datafield ind1="1" ind2=" " tag="775"><subfield code="t">Laconia Democrat (Laconia, N.H. : 1878)</subfield><subfield code="w">(DLC)sn 84020568</subfield></datafield><datafield ind1="0" ind2="0" tag="785"><subfield code="t">Evening citizen (Laconia, N.H.)</subfield><subfield code="w">(DLC)sn 85000440</subfield></datafield></record>